<?xml version="1.0" encoding="UTF-8"?><record xmlns="http://www.loc.gov/MARC21/slim" xmlns:cinclude="http://apache.org/cocoon/include/1.0" xmlns:zs="http://www.loc.gov/zing/srw/">
  <leader>00465nz  a2200133n  4500</leader>
  <controlfield tag="001">no2006006137</controlfield>
  <controlfield tag="003">DLC</controlfield>
  <controlfield tag="005">20060120051808.0</controlfield>
  <controlfield tag="008">050721n| acannaabn          |n aaa     c</controlfield>
  <datafield tag="010" ind1=" " ind2=" ">
    <subfield code="a">no2006006137</subfield>
  </datafield>
  <datafield tag="035" ind1=" " ind2=" ">
    <subfield code="a">(OCoLC)oca06830879</subfield>
  </datafield>
  <datafield tag="040" ind1=" " ind2=" ">
    <subfield code="a">OAkU-AV</subfield>
    <subfield code="b">eng</subfield>
    <subfield code="c">OAkU-AV</subfield>
  </datafield>
  <datafield tag="100" ind1="1" ind2=" ">
    <subfield code="a">Pickel, Joseph M.</subfield>
  </datafield>
  <datafield tag="670" ind1=" " ind2=" ">
    <subfield code="a">Synthesis of functional polymers using anionic polymerization techniques, 2003</subfield>
    <subfield code="b">t.p. (Joseph M. Pickel; Ph. D. candidate, Univ. of Akron, Dept. of Polymer Science)</subfield>
  </datafield>
</record>